%% Created using Papers on Wed, 05 Nov 2014.
%% http://papersapp.com/papers/

@book{kolb1974toward,
author = {Kolb, D A and Fry, R E},
title = {{Toward an Applied Theory of Experiential Learning}},
publisher = {M.I.T. Alfred P. Sloan School of Management},
year = {1974},
series = {Working paper}
}

@article{Sisarica:8bOsWDjS,
author = {Sisarica, Anja and Maiden, Neil and Mora, Simone and Divitini, Monica},
title = {{Training Carers of Older People with Dementia Using Digitally Augmented and Creative Serious Games}},
journal = {Submitted at CHI2015},
year = {2014}
}

@article{Mora:ARzdBWwv,
author = {Mora, Simone and Di Loreto, Ines and Divitini, Monica},
title = {{A token-constraint approah to interactive board games: the case of "DoomTown"}},
journal = {To be submitted at INTERACT },
year = {2014}
}

@article{Mora:VhXOGaIa,
author = {Mora, Simone and Divitini, Monica},
title = {{WATCHiT: a modular and wearable tool for data collection in crisis management and training}},
journal = {In Proc. of AMI2014 },
year = {2014}
}

@incollection{Mora:2014ub,
author = {Mora, Simone and Divitini, Monica},
title = {{Supporting Debriefing with Sensor Data: A Reflective Approach to Crisis Training}},
booktitle = {Information Systems for Crisis Response and Management in Mediterranean Countries},
year = {2014},
editor = {Hanachi, Chihab and B{\'e}naben, Fr{\'e}d{\'e}rick and Charoy, Fran{\c c}ois},
pages = {71--84},
publisher = {Springer International Publishing},
address = {Cham},
month = jan
}

@article{Muller:teP51TSl,
author = {M{\"u}ller, Lars and Divitini, Monica and Rivera-Pelayo, Veronica and Mora, Simone and Stork, Wilhelm},
title = {{Context Becomes Content: Sensor Data for Computer Supported Reflective Learning}},
journal = {IEEE Transactions on Learning Technologies}
}

@article{DiLoreto:2012jj,
author = {Di Loreto, Ines and Mora, Simone and Divitini, Monica},
title = {{Don{\textquoteright}t Panic: Enhancing Soft Skills for Civil Protection Workers}},
journal = {In Proc. of SGDA},
year = {2012},
volume = {7528},
number = {Chapter 1},
pages = {1--12}
}

@inproceedings{Kyng:2006he,
author = {Kyng, Morten and Nielsen, Esben Toftdahl and Kristensen, Margit},
title = {{Challenges in designing interactive systems for emergency response}},
booktitle = {the 6th ACM conference},
year = {2006},
pages = {301--310},
publisher = {ACM},
address = {New York, New York, USA},
month = jun
}

@article{Cernea:2012uf,
author = {Cernea, Daniel and Mora, Simone and Perez, Alfredo and Ebert, Achim and Kerren, Andreas and Divitini, Monica and de La Iglesia, Didac Gil and Otero, Nuno},
title = {{Tangible and Wearable User Interfaces for Supporting Collaboration among Emergency Workers}},
journal = {In Proc. of CRIWG },
year = {2012},
pages = {1--8}
}

@article{Mora:2012vc,
author = {Mora, Simone and Boron, Alessandro and Divitini, Monica},
title = {{CroMAR: Mobile Augmented Reality for Supporting Reflection on Crowd Management}},
journal = {International Journal of Mobile Human Computer Interaction (IJMHCI)},
year = {2012},
pages = {88--101}
}

@book{boud1985reflection,
author = {Boud, D. and Keogh, R. and Walker, D.},
title = {{Reflection: turning experience into learning}},
publisher = {Routledge},
year = {1985}
}

@book{Dewey:1998ug,
author = {Dewey, J.},
title = {{Experience and education}},
publisher = {Kappa Delta Pi},
year = {1998}
}

@article{Mora:2010vr,
author = {Mora, Simone},
title = {{A Unified Architecture for Supporting Direct Tag-Based and Indirect Network-Based Resource Discovery}},
journal = {Proceedings of the First International Conference on Ambient Intelligence AmI},
year = {2010}
}

